
@inproceedings{alipanahi2008distance,
  title={Distance metric learning vs. Fisher discriminant analysis},
  author={Alipanahi, Babak and Biggs, Michael and Ghodsi, Ali and others},
  booktitle={Proceedings of the 23rd national conference on Artificial intelligence},
  volume={2},
  pages={598--603},
  year={2008}
}
@article{Bazzani:2013ju,
author = {Bazzani, Loris and Cristani, Marco and Murino, Vittorio},
title = {{Symmetry-driven accumulation of local features for human characterization and re-identification.}},
journal = {Computer Vision and Image Understanding ()},
year = {2013},
volume = {117},
number = {2},
pages = {130--144}
}
@article{Cheng:2011kq,
author = {Cheng, Dong Seon and Cristani, Marco and Stoppa, Michele and Bazzani, Loris and Murino, Vittorio},
title = {{Custom Pictorial Structures for Re-identification.}},
journal = {BMVC},
year = {2011},
pages = {1--11}
}

@inproceedings{davis2007information,
  title={Information-theoretic metric learning},
  author={Davis, Jason V and Kulis, Brian and Jain, Prateek and Sra, Suvrit and Dhillon, Inderjit S},
  booktitle={Proceedings of the 24th international conference on Machine learning},
  pages={209--216},
  year={2007},
  organization={ACM}
}
@inproceedings{Dikmen:2010:PRL:1966111.1966152,
 author = {Dikmen, Mert and Akbas, Emre and Huang, Thomas S. and Ahuja, Narendra},
 title = {Pedestrian Recognition with a Learned Metric},
 booktitle = {Proceedings of the 10th Asian Conference on Computer Vision - Volume Part IV},
 series = {ACCV'10},
 year = {2011},
 isbn = {978-3-642-19281-4},
 location = {Queenstown, New Zealand},
 pages = {501--512},
 numpages = {12},
 url = {http://dl.acm.org/citation.cfm?id=1966111.1966152},
 acmid = {1966152},
 publisher = {Springer-Verlag},
 address = {Berlin, Heidelberg},
} 
@inproceedings{farenzena2010person,
  title={Person re-identification by symmetry-driven accumulation of local features},
  author={Farenzena, Michela and Bazzani, Loris and Perina, Alessandro and Murino, Vittorio and Cristani, Marco},
  booktitle={Computer Vision and Pattern Recognition (CVPR), 2010 IEEE Conference on},
  pages={2360--2367},
  year={2010},
  organization={IEEE}
}
@inproceedings{gheissari2006person,
  title={Person reidentification using spatiotemporal appearance},
  author={Gheissari, Niloofar and Sebastian, Thomas B and Hartley, Richard},
  booktitle={Computer Vision and Pattern Recognition, 2006 IEEE Computer Society Conference on},
  volume={2},
  pages={1528--1535},
  year={2006},
  organization={IEEE}
}
@book{gong2014person,
  title={Person re-identification},
  author={Gong, Shaogang and Cristani, Marco and Yan, Shuicheng and Loy, Chen Change},
  volume={1},
  year={2014},
  publisher={Springer}
}
@inproceedings{gray2007evaluating,
  title={Evaluating appearance models for recognition, reacquisition, and tracking},
  author={Gray, Douglas and Brennan, Shane and Tao, Hai},
  booktitle={Proc. IEEE International Workshop on Performance Evaluation for Tracking and Surveillance (PETS)},
  volume={3},
  number={5},
  year={2007},
  organization={Citeseer}
}
@incollection{gray2008viewpoint,
  title={Viewpoint invariant pedestrian recognition with an ensemble of localized features},
  author={Gray, Douglas and Tao, Hai},
  booktitle={Computer Vision--ECCV 2008},
  pages={262--275},
  year={2008},
  publisher={Springer}
}
@inproceedings{guillaumin2009you,
  title={Is that you? Metric learning approaches for face identification},
  author={Guillaumin, Matthieu and Verbeek, Jakob and Schmid, Cordelia},
  booktitle={Computer Vision, 2009 IEEE 12th international conference on},
  pages={498--505},
  year={2009},
  organization={IEEE}
}
@inproceedings{hamdoun2008person,
  title={Person re-identification in multi-camera system by signature based on interest point descriptors collected on short video sequences},
  author={Hamdoun, Omar and Moutarde, Fabien and Stanciulescu, Bogdan and Steux, Bruno},
  booktitle={Distributed Smart Cameras, 2008. ICDSC 2008. Second ACM/IEEE International Conference on},
  pages={1--6},
  year={2008},
  organization={IEEE}
}
@article{hastie2005elements,
  title={The elements of statistical learning: data mining, inference and prediction},
  author={Hastie, Trevor and Tibshirani, Robert and Friedman, Jerome and Franklin, James},
  journal={The Mathematical Intelligencer},
  volume={27},
  number={2},
  pages={83--85},
  year={2005},
  publisher={Springer}
}
@incollection{hirzer2012relaxed,
  title={Relaxed pairwise learned metric for person re-identification},
  author={Hirzer, Martin and Roth, Peter M and K{\"o}stinger, Martin and Bischof, Horst},
  booktitle={Computer Vision--ECCV 2012},
  pages={780--793},
  year={2012},
  publisher={Springer}
}
@inproceedings{hu2013exploring,
  title={Exploring structural information and fusing multiple features for person re-identification},
  author={Hu, Yang and Liao, Shengcai and Lei, Zhen and Yi, Dong and Li, Stan},
  booktitle={Proceedings of the IEEE Conference on Computer Vision and Pattern Recognition Workshops},
  pages={794--799},
  year={2013}
}
@article{jobson1997multiscale,
  title={A multiscale retinex for bridging the gap between color images and the human observation of scenes},
  author={Jobson, Daniel J and Rahman, Zia-ur and Woodell, Glenn A},
  journal={Image Processing, IEEE Transactions on},
  volume={6},
  number={7},
  pages={965--976},
  year={1997},
  publisher={IEEE}
}
@article{jobson1997properties,
  title={Properties and performance of a center/surround retinex},
  author={Jobson, Daniel J and Rahman, Zia-ur and Woodell, Glenn A},
  journal={Image Processing, IEEE Transactions on},
  volume={6},
  number={3},
  pages={451--462},
  year={1997},
  publisher={IEEE}
}
@inproceedings{koestinger2012large,
  title={Large scale metric learning from equivalence constraints},
  author={Koestinger, Martin and Hirzer, Martin and Wohlhart, Paul and Roth, Peter M and Bischof, Horst},
  booktitle={Computer Vision and Pattern Recognition (CVPR), 2012 IEEE Conference on},
  pages={2288--2295},
  year={2012},
  organization={IEEE}
}
@article{kviatkovsky2013color,
  title={Color invariants for person reidentification},
  author={Kviatkovsky, Igor and Adam, Amit and Rivlin, Ehud},
  journal={Pattern Analysis and Machine Intelligence, IEEE Transactions on},
  volume={35},
  number={7},
  pages={1622--1634},
  year={2013},
  publisher={IEEE}
}
@article{land1971lightness,
  title={Lightness and retinex theory},
  author={Land, Edwin H and McCann, John J},
  journal={JOSA},
  volume={61},
  number={1},
  pages={1--11},
  year={1971},
  publisher={Optical Society of America}
}
@inproceedings{li2013locally,
  title={Locally aligned feature transforms across views},
  author={Li, Wei and Wang, Xiaogang},
  booktitle={Proceedings of the IEEE Conference on Computer Vision and Pattern Recognition},
  pages={3594--3601},
  year={2013}
}
@inproceedings{li2012human,
  title={Human Reidentification with Transferred Metric Learning.},
  author={Li, Wei and Zhao, Rui and Wang, Xiaogang},
  booktitle={ACCV (1)},
  pages={31--44},
  year={2012}
}
@inproceedings{li2014deepreid,
  title={Deepreid: Deep filter pairing neural network for person re-identification},
  author={Li, Wei and Zhao, Rui and Xiao, Tong and Wang, Xiaogang},
  booktitle={Proceedings of the IEEE Conference on Computer Vision and Pattern Recognition},
  pages={152--159},
  year={2014}
}
@inproceedings{li2013learning,
  title={Learning locally-adaptive decision functions for person verification},
  author={Li, Zhen and Chang, Shiyu and Liang, Feng and Huang, Thomas and Cao, Liangliang and Smith, John},
  booktitle={Proceedings of the IEEE Conference on Computer Vision and Pattern Recognition},
  pages={3610--3617},
  year={2013}
}
@incollection{liao2009heterogeneous,
  title={Heterogeneous face recognition from local structures of normalized appearance},
  author={Liao, Shengcai and Yi, Dong and Lei, Zhen and Qin, Rui and Li, Stan Z},
  booktitle={Advances in Biometrics},
  pages={209--218},
  year={2009},
  publisher={Springer}
}
@inproceedings{liao2010modeling,
  title={Modeling pixel process with scale invariant local patterns for background subtraction in complex scenes},
  author={Liao, Shengcai and Zhao, Guoying and Kellokumpu, Vili and Pietik{\"a}inen, Matti and Li, Stan Z},
  booktitle={Computer Vision and Pattern Recognition (CVPR), 2010 IEEE Conference on},
  pages={1301--1306},
  year={2010},
  organization={IEEE}
}
@inproceedings{liu2012person,
  title={Person re-identification: What features are important?},
  author={Liu, Chunxiao and Gong, Shaogang and Loy, Chen Change and Lin, Xinggang},
  booktitle={Computer Vision--ECCV 2012. Workshops and Demonstrations},
  pages={391--401},
  year={2012},
  organization={Springer}
}
@inproceedings{liu2014semi,
  title={Semi-supervised coupled dictionary learning for person re-identification},
  author={Liu, Xiao and Song, Mingli and Tao, Dacheng and Zhou, Xingchen and Chen, Chun and Bu, Jiajun},
  booktitle={Proceedings of the IEEE Conference on Computer Vision and Pattern Recognition},
  pages={3550--3557},
  year={2014}
}
@inproceedings{liu2012person,
  title={Person re-identification based on visual saliency},
  author={Liu, Ying and Shao, Yu and Sun, Fuchun},
  booktitle={Intelligent Systems Design and Applications (ISDA), 2012 12th International Conference on},
  pages={884--889},
  year={2012},
  organization={IEEE}
}
@inproceedings{loy2013person,
  title={Person re-identification by manifold ranking},
  author={Loy, Chen Change and Liu, Chunxiao and Gong, Shaogang},
  booktitle={Image Processing (ICIP), 2013 20th IEEE International Conference on},
  pages={3567--3571},
  year={2013},
  organization={IEEE}
}
@inproceedings{loy2009multi,
  title={Multi-camera activity correlation analysis},
  author={Loy, Chen Change and Xiang, Tao and Gong, Shaogang},
  booktitle={Computer Vision and Pattern Recognition, 2009. CVPR 2009. IEEE Conference on},
  pages={1988--1995},
  year={2009},
  organization={IEEE}
}
@inproceedings{ma2012local,
  title={Local descriptors encoded by fisher vectors for person re-identification},
  author={Ma, Bingpeng and Su, Yu and Jurie, Fr{\'e}d{\'e}ric},
  booktitle={Computer Vision--ECCV 2012. Workshops and Demonstrations},
  pages={413--422},
  year={2012},
  organization={Springer}
}
@article{ma2014covariance,
  title={Covariance descriptor based on bio-inspired features for person re-identification and face verification},
  author={Ma, Bingpeng and Su, Yu and Jurie, Fr{\'e}d{\'e}ric},
  journal={Image and Vision Computing},
  volume={32},
  number={6},
  pages={379--390},
  year={2014},
  publisher={Elsevier}
}
@article{ma2014person,
  title={Person re-identification over camera networks using multi-task distance metric learning},
  author={Ma, Lianyang and Yang, Xiaokang and Tao, Dacheng},
  journal={Image Processing, IEEE Transactions on},
  volume={23},
  number={8},
  pages={3656--3670},
  year={2014},
  publisher={IEEE}
}
@inproceedings{mignon2012pcca,
  title={Pcca: A new approach for distance learning from sparse pairwise constraints},
  author={Mignon, Alexis and Jurie, Fr{\'e}d{\'e}ric},
  booktitle={Computer Vision and Pattern Recognition (CVPR), 2012 IEEE Conference on},
  pages={2666--2672},
  year={2012},
  organization={IEEE}
}
@article{moghaddam2000bayesian,
  title={Bayesian face recognition},
  author={Moghaddam, Baback and Jebara, Tony and Pentland, Alex},
  journal={Pattern Recognition},
  volume={33},
  number={11},
  pages={1771--1782},
  year={2000},
  publisher={Elsevier}
}
@article{ojala1996comparative,
  title={A comparative study of texture measures with classification based on featured distributions},
  author={Ojala, Timo and Pietik{\"a}inen, Matti and Harwood, David},
  journal={Pattern recognition},
  volume={29},
  number={1},
  pages={51--59},
  year={1996},
  publisher={Elsevier}
}
@inproceedings{pedagadi2013local,
  title={Local fisher discriminant analysis for pedestrian re-identification},
  author={Pedagadi, Sateesh and Orwell, James and Velastin, Sergio and Boghossian, Boghos},
  booktitle={Proceedings of the IEEE Conference on Computer Vision and Pattern Recognition},
  pages={3318--3325},
  year={2013}
}
@inproceedings{prosser2010person,
  title={Person Re-Identification by Support Vector Ranking.},
  author={Prosser, Bryan and Zheng, Wei-Shi and Gong, Shaogang and Xiang, Tao and Mary, Q},
  booktitle={BMVC},
  volume={2},
  number={5},
  pages={6},
  year={2010}
}
@article{vezzani2013people,
  title={People reidentification in surveillance and forensics: A survey},
  author={Vezzani, Roberto and Baltieri, Davide and Cucchiara, Rita},
  journal={ACM Computing Surveys (CSUR)},
  volume={46},
  number={2},
  pages={29},
  year={2013},
  publisher={ACM}
}
@inproceedings{wang2007shape,
  title={Shape and appearance context modeling},
  author={Wang, Xiaogang and Doretto, Gianfranco and Sebastian, Thomas and Rittscher, Jens and Tu, Peter},
  booktitle={Computer Vision, 2007. ICCV 2007. IEEE 11th International Conference on},
  pages={1--8},
  year={2007},
  organization={IEEE}
}
@inproceedings{wang2013regionlets,
  title={Regionlets for generic object detection},
  author={Wang, Xiaoyu and Yang, Ming and Zhu, Shenghuo and Lin, Yuanqing},
  booktitle={Proceedings of the IEEE International Conference on Computer Vision},
  pages={17--24},
  year={2013}
}
@article{weinberger2009distance,
  title={Distance metric learning for large margin nearest neighbor classification},
  author={Weinberger, Kilian Q and Saul, Lawrence K},
  journal={The Journal of Machine Learning Research},
  volume={10},
  pages={207--244},
  year={2009},
  publisher={JMLR. org}
}
@incollection{yang2014salient,
  title={Salient color names for person re-identification},
  author={Yang, Yang and Yang, Jimei and Yan, Junjie and Liao, Shengcai and Yi, Dong and Li, Stan Z},
  booktitle={Computer Vision--ECCV 2014},
  pages={536--551},
  year={2014},
  publisher={Springer}
}
@inproceedings{ye2006efficient,
  title={Efficient model selection for regularized linear discriminant analysis},
  author={Ye, Jieping and Xiong, Tao and Li, Qi and Janardan, Ravi and Bi, Jinbo and Cherkassky, Vladimir and Kambhamettu, Chandra},
  booktitle={Proceedings of the 15th ACM international conference on Information and knowledge management},
  pages={532--539},
  year={2006},
  organization={ACM}
}
@inproceedings{zhao2013person,
  title={Person re-identification by salience matching},
  author={Zhao, Rui and Ouyang, Wanli and Wang, Xiaogang},
  booktitle={Proceedings of the IEEE International Conference on Computer Vision},
  pages={2528--2535},
  year={2013}
}

@inproceedings{zhao2013unsupervised,
  title={Unsupervised salience learning for person re-identification},
  author={Zhao, Rui and Ouyang, Wanli and Wang, Xiaogang},
  booktitle={Proceedings of the IEEE Conference on Computer Vision and Pattern Recognition},
  pages={3586--3593},
  year={2013}
}
@inproceedings{zhao2014learning,
  title={Learning mid-level filters for person re-identification},
  author={Zhao, Rui and Ouyang, Wanli and Wang, Xiaogang},
  booktitle={Proceedings of the IEEE Conference on Computer Vision and Pattern Recognition},
  pages={144--151},
  year={2014}
}
@inproceedings{zheng2011person,
  title={Person re-identification by probabilistic relative distance comparison},
  author={Zheng, Wei-Shi and Gong, Shaogang and Xiang, Tao},
  booktitle={Computer vision and pattern recognition (CVPR), 2011 IEEE conference on},
  pages={649--656},
  year={2011},
  organization={IEEE}
}
@article{zheng2013reidentification,
  title={Reidentification by relative distance comparison},
  author={Zheng, Wei-Shi and Gong, Shaogang and Xiang, Tao},
  journal={Pattern Analysis and Machine Intelligence, IEEE Transactions on},
  volume={35},
  number={3},
  pages={653--668},
  year={2013},
  publisher={IEEE}
}




















