@inproceedings{cox1996feature,
  title={Feature-based face recognition using mixture-distance},
  author={Cox, Ingemar J and Ghosn, Joumana and Yianilos, Peter N},
  booktitle={Computer Vision and Pattern Recognition, 1996. Proceedings CVPR'96, 1996 IEEE Computer Society Conference on},
  pages={209--216},
  year={1996},
  organization={IEEE}
}
@article{huang1992human,
  title={Human facial feature extraction for face interpretation and recognition},
  author={Huang, Chung-Lin and Chen, Ching-Wen},
  journal={Pattern recognition},
  volume={25},
  number={12},
  pages={1435--1444},
  year={1992},
  publisher={Elsevier}
}
@incollection{scholkopf1997kernel,
  title={Kernel principal component analysis},
  author={Sch{\"o}lkopf, Bernhard and Smola, Alexander and M{\"u}ller, Klaus-Robert},
  booktitle={Artificial Neural Networksâ€”ICANN'97},
  pages={583--588},
  year={1997},
  publisher={Springer}
}